% -----------------------------------------------------------------------------
% Surveys and papers
% -----------------------------------------------------------------------------

@inproceedings{paper_millwheel,
	title = {MillWheel: Fault-Tolerant Stream Processing at Internet Scale},
	author  = {Tyler Akidau and Alex Balikov and Kaya Bekiroglu and Slava Chernyak and Josh Haberman and Reuven Lax and Sam McVeety and Daniel Mills and Paul Nordstrom and Sam Whittle},
	year  = 2013,
	booktitle = {Very Large Data Bases},
	pages = {734--746}
}

% -----------------------------------------------------------------------------
% Books
% -----------------------------------------------------------------------------



% -----------------------------------------------------------------------------
% Blog articles
% -----------------------------------------------------------------------------



% -----------------------------------------------------------------------------
% Websites
% -----------------------------------------------------------------------------



% -----------------------------------------------------------------------------
% Source code repositories
% -----------------------------------------------------------------------------



% -----------------------------------------------------------------------------
% Various
% -----------------------------------------------------------------------------

